<collection xmlns="http://www.loc.gov/MARC21/slim"><record><leader>00754nam  2200241   450</leader><controlfield tag="001">78</controlfield><controlfield tag="003">http://montalegre.opacnet.com/OPAC/default.aspx?ContentAreaControl=ShowRegHoldings.ascx&amp;RegNo=16662</controlfield><controlfield tag="005">20</controlfield><datafield tag="021" ind1=" " ind2=" "><subfield code="a">PT</subfield><subfield code="b">21964/88</subfield></datafield><datafield tag="095" ind1=" " ind2=" "><subfield code="a">PTBN00322597</subfield></datafield><datafield tag="100" ind1=" " ind2=" "><subfield code="a">20061013d1988    m  y0pory010305  ba</subfield></datafield><datafield tag="101" ind1="1" ind2=" "><subfield code="a">por</subfield><subfield code="c">eng</subfield></datafield><datafield tag="102" ind1=" " ind2=" "><subfield code="a">PT</subfield></datafield><datafield tag="200" ind1="1" ind2=" "><subfield code="a">Herzog</subfield><subfield code="f">Saul Bellow</subfield><subfield code="g">trad.: Luísa Ducla Soares</subfield></datafield><datafield tag="205" ind1=" " ind2=" "><subfield code="a">2ª ed</subfield></datafield><datafield tag="210" ind1=" " ind2=" "><subfield code="a">Lisboa</subfield><subfield code="c">Relógio d'Água Editores</subfield><subfield code="d">D.L. 1988</subfield></datafield><datafield tag="215" ind1=" " ind2=" "><subfield code="a">398 p.</subfield><subfield code="d">21 cm</subfield></datafield><datafield tag="675" ind1=" " ind2=" "><subfield code="a">821</subfield><subfield code="v">BN</subfield><subfield code="z">por</subfield></datafield><datafield tag="700" ind1=" " ind2="1"><subfield code="a">Bellow</subfield><subfield code="b">Saul</subfield><subfield code="f">1915</subfield></datafield><datafield tag="702" ind1=" " ind2="1"><subfield code="a">Soares</subfield><subfield code="b">Luísa Ducla</subfield><subfield code="f">1939-</subfield><subfield code="4">730</subfield></datafield><datafield tag="801" ind1=" " ind2="0"><subfield code="a">PT</subfield><subfield code="b">Biblioteca Municipal de Montalegre</subfield><subfield code="g">RPC</subfield></datafield><datafield tag="856" ind1=" " ind2=" "><subfield code="u">locateMedia.asp?cod=20060508145059&amp;ext=jpg</subfield><subfield code="z">CAPA</subfield></datafield><datafield tag="909" ind1="&#9;" ind2=" "><subfield code="a">2</subfield></datafield><datafield tag="966" ind1=" " ind2=" "><subfield code="a">0008275</subfield><subfield code="l">BMM</subfield><subfield code="s">SCG 821 BEL her</subfield></datafield><datafield tag="966" ind1=" " ind2=" "><subfield code="a">0008277</subfield><subfield code="l">BMM</subfield><subfield code="s">SCG 821 BEL her</subfield></datafield></record></collection>